<?xml version="1.0" encoding="UTF-8"?><collection><record><leader>08263ntm a2200601 a 4500</leader><controlfield tag="001">006834032</controlfield><controlfield tag="003">MiAaHDL</controlfield><controlfield tag="005">20190719000000.0</controlfield><controlfield tag="006">m        d        </controlfield><controlfield tag="007">cr bn ---auaua</controlfield><controlfield tag="008">090702s1857    xx            00| ||ara d</controlfield><datafield tag="035" ind1=" " ind2=" "><subfield code="a">(MiU)006834032</subfield></datafield><datafield tag="035" ind1=" " ind2=" "><subfield code="a">sdr-miu006834032</subfield></datafield><datafield tag="040" ind1=" " ind2=" "><subfield code="a">MiU</subfield><subfield code="c">MiU</subfield><subfield code="e">amremm</subfield></datafield><datafield tag="043" ind1=" " ind2=" "><subfield code="a">n-us-mi</subfield></datafield><datafield tag="100" ind1="1" ind2=" "><subfield code="6">880-01</subfield><subfield code="a">Munāwī, ʻAbd al-Raʼūf ibn Tāj al-ʻĀrifīn,</subfield><subfield code="d">-1621.</subfield></datafield><datafield tag="240" ind1="1" ind2="0"><subfield code="6">880-02</subfield><subfield code="a">Kunūz al-ḥaqāʼiq fī Ḥadīth Khayr al-khalāʼiq</subfield></datafield><datafield tag="245" ind1="1" ind2="0"><subfield code="6">880-03</subfield><subfield code="a">Hādhā Kitāb Kunūz al-ḥaqāʼiq fī ḥadīth Khayr al-khalāʼiq,</subfield><subfield code="f">[1273, i.e. 1857].</subfield></datafield><datafield tag="246" ind1="3" ind2="8"><subfield code="a">كنوز الحقائق</subfield></datafield><datafield tag="246" ind1="3" ind2=" "><subfield code="i">Title from opening matter on p.2:</subfield><subfield code="a">كنوز الحقائق في حديث خير الخلائق</subfield></datafield><datafield tag="260" ind1=" " ind2=" "><subfield code="c">[1857].</subfield></datafield><datafield tag="300" ind1=" " ind2=" "><subfield code="a">104 leaves :</subfield><subfield code="b">paper ;</subfield><subfield code="c">235 x 165 (175 x 110) mm. bound to 245 x 173 mm.</subfield></datafield><datafield tag="500" ind1=" " ind2=" "><subfield code="a">Shelfmark: Ann Arbor, University of Michigan, Special Collections Library, Isl. Ms. 1002</subfield></datafield><datafield tag="500" ind1=" " ind2=" "><subfield code="a">Origin: As appears in colophon on p.207, copied by ʻAlī al-Batanūnī al-Mālikī with transcription completed 24 Jumādá II 1273 [ca. 19 February 1857].</subfield></datafield><datafield tag="500" ind1=" " ind2=" "><subfield code="a">Former shelfmark: Mich. Isl. Ms. temp. no. 151</subfield></datafield><datafield tag="500" ind1=" " ind2=" "><subfield code="a">Binding: Boards covered in black cloth with black leather over spine (quarter binding) ; Western style binding ; pastedowns and flyleaves in wove paper printed with a floral vegetal pattern in pink and green ; spine gold-stamped with title and decorative accents over raised bands "كنوز الحقائق" ; sewn in white thread, five stations ; overall in fairly good condition with minor abrasion.</subfield></datafield><datafield tag="500" ind1=" " ind2=" "><subfield code="a">Support: European (specifically Venetian made by the Galvani firm) laid paper with 7-8 laid lines per cm. (vertical), chain lines spaced 30 mm. apart (horizontal), watermark of crescent with face (human profile) in shield (see pp.4, 96, 208, etc. and compare Walz, The Paper trade of Egypt and the Sudan, 88-9) and countermark of "V G" (see pp.2, 22, 92, 206, etc.), quite sturdy, cream in color, well-burnished ; some cockling and staining.</subfield></datafield><datafield tag="500" ind1=" " ind2=" "><subfield code="a">Decoration: Headings, keywords and abbreviation symbols rubricated ; textual dividers in the form of inverted commas in red.</subfield></datafield><datafield tag="500" ind1=" " ind2=" "><subfield code="a">Script: Naskh ; compact, somewhat angular Egyptian hand in a medium line ; partially though irregularly seriffed with right-sloping head-serif on occasional alif, effect of tilt to the left, slight effect of words descending to baseline, closed and open counters, pointing mainly in distinct dots (though three dots often represented by stroke looking like inverted comma), alif maqṣūrah pointed as yāʼ, kāf mashkūlah (mashqūqah) preferred.</subfield></datafield><datafield tag="500" ind1=" " ind2=" "><subfield code="a">Layout: Written mainly in 25 lines per page divided to two columns (a layout which the copyist took to be intended by the author, see note in colophon on p.207) ; frame-ruled.</subfield></datafield><datafield tag="500" ind1=" " ind2=" "><subfield code="a">Collation: i, 4 V(40), VI (52), 4 V(92), VI (104), i ; quinions alternating with senions in a regular pattern exemplary of the deliberation of the copyist who describes the discrepancy in number of quires between his copy and the exemplar from which he copied (i.e. the exemplar had ten additional quires due to that copyist not including two ḥadīth per line) in a note in the colophon (see p.207) ; quire numbering in the form of Hindu-Arabic numerals under letter kāf in upper outer corner of recto of opening leaf of each quire ; catchwords present ; pagination in pencil, Western numerals, supplied during digitization.</subfield></datafield><datafield tag="500" ind1=" " ind2=" "><subfield code="a">Colophon: "Scribal," mainly triangular, reads "هذا وقد وجدت النسخة التي نقلت منها زائدة على عشرة كراريس وسبب الزيادة ان الكتاب ربما كتب حديثا في سطر واحد مع ان غرض المؤلف ليس كذلك ولا سيما التراجم التي للحروف فانها اخذت نحو ورقة وبالجملة لو تحري الكاتب كتابة كل حديثين في سطر كما نيه عليه المؤلف اول الكتاب لم تزد النسخة على عشرة كراريس الا التراجم ونصف ورقة في الاول ونصف ورقة في الاخر هذا ووافق فراغ نسخه ليلة الخميس لست ليالي بقين من شهر جمادى الاخر او سبعة منه سنة الف ومائتين وثلاث وسبعين من الهجرة النبوية على صاحبها افضل الصلاة والسلام على يد افقر العباد واحوجهم لعفوه علي البتنوني المالكي عفي عنه بمنه وصلى الله على سيدنا محمد وعلى اله وصحبه وسلم كمل الكتاب تكاملت ..."</subfield></datafield><datafield tag="500" ind1=" " ind2=" "><subfield code="a">Explicit: "اليوم الموعود يوم القيامة ت اليوم انتقصت العرب ملك العجم خ وهذا اوان الفراغ من اعادة نظم غرره واجادة استحكام نسج نقوش درره بحمد الله وعونه وحسن توفيقه والله الموفق للصواب واليه المرجع والمآب وحسبنا الله ونعم الوكيل ولا حول ولا قوة الا بالله العظيم وصلى الله على سيدنا محمد وعلى اله وصحبه وسلم"</subfield></datafield><datafield tag="500" ind1=" " ind2=" "><subfield code="a">Incipit: "الحمد لله الذي كسى اهل الحديث رداء الشرف في كل اقليم ورفع شأنهم واعلى ذكرهم في كل حديث وقديم ... وبعد فيقول العبد الفقير القائم على قدم التقصير عبد الرؤوف المناوي هذا كتاب عجاب من تأمله رحلت عليه المسرة من كل باب جمعت فيه زهاء عشرة الاف حديث في عشرة كراريس كل كراس الف حديث في كل ورقة مائة حديث تقرأ بالعرض على العادة وفي نصف العرض بالطول ومن اعلى الى الاسفل ومن اسفل الى اعلى كل نصف مسطر مستقل بنفسه ورتبته على حروف المعجم ليسهل تناوله على العرب والعجم ... وسميته كنوز الحقائق في حديث خير الخلائق ..."</subfield></datafield><datafield tag="500" ind1=" " ind2=" "><subfield code="a">Title from inscription on 'title page' (p.1).</subfield></datafield><datafield tag="500" ind1=" " ind2=" "><subfield code="a">Ms. codex.</subfield></datafield><datafield tag="510" ind1="4" ind2=" "><subfield code="a">Walz, Terence. "The Paper trade of Egypt and the Sudan in the eighteenth and nineteenth centuries and its re-export to the Bilad as-Sudan." In The Trans-Saharan book trade: manuscript culture, Arabic literacy, and intellectual history in Muslim Africa. Graziano Krätli and Ghislaine Lydon, Eds. (Leiden : Brill, 2011):</subfield><subfield code="c">73-108.</subfield></datafield><datafield tag="510" ind1="4" ind2=" "><subfield code="a">Hamdan, Abdelhamid Saleh. " al-Munāwī." In EI2</subfield></datafield><datafield tag="510" ind1="4" ind2=" "><subfield code="a">Brockelmann, C. GAL,</subfield><subfield code="c">II 305 ff. ; S II 417</subfield></datafield><datafield tag="520" ind1="8" ind2=" "><subfield code="a">Careful copy of a compilation of 10,000 ḥadīth from the major collections assembled by ʻAbd al-Raʼūf ibn Tāj al-ʻĀrifīn al-Munāwī (d.1621).</subfield></datafield><datafield tag="538" ind1=" " ind2=" "><subfield code="a">Mode of access: Internet.</subfield></datafield><datafield tag="541" ind1=" " ind2=" "><subfield code="a">Acquired in the Fall of 1950.</subfield></datafield><datafield tag="546" ind1=" " ind2=" "><subfield code="a">Arabic.</subfield></datafield><datafield tag="561" ind1=" " ind2=" "><subfield code="a">On upper pastedown label with ex libris of James Heyworth-Dunne (d.1974), stamped with inventory number, "Ex Libris | J. Heyworth-Dunne | D. Lit. (London) | No. 8584" ; UM Library inscription on p.3 "Dunning | Heyworth-Dunne | 6-11-51 | 71955" ; scribal verses following colophon on p.207, begin with "كمل الكتاب تكاملت ..." ; occasional glosses and many marginal corrections with signes de renvoi in the hand of the copyist.</subfield></datafield><datafield tag="650" ind1=" " ind2="0"><subfield code="a">Manuscripts, Arabic</subfield><subfield code="z">Michigan</subfield><subfield code="z">Ann Arbor.</subfield></datafield><datafield tag="650" ind1=" " ind2="0"><subfield code="a">Hadith</subfield><subfield code="v">Indexes</subfield><subfield code="v">Early works to 1800.</subfield></datafield><datafield tag="700" ind1="1" ind2=" "><subfield code="a">Heyworth-Dunne, J.</subfield><subfield code="q">(James),</subfield><subfield code="e">former owner.</subfield></datafield><datafield tag="700" ind1="0" ind2=" "><subfield code="6">880-05</subfield><subfield code="a">ʻAlī al-Batanūnī al-Mālikī,</subfield><subfield code="d">fl. 1857,</subfield><subfield code="e">scribe.</subfield></datafield><datafield tag="773" ind1="0" ind2=" "><subfield code="a">Heyworth-Dunne Collection.</subfield></datafield><datafield tag="880" ind1="0" ind2=" "><subfield code="6">700-05/</subfield><subfield code="a">علي البتنوني المالكي،</subfield><subfield code="e">ناسخ.</subfield></datafield><datafield tag="880" ind1="1" ind2="0"><subfield code="6">245-03/</subfield><subfield code="a">هذا كتاب كنوز الحقائق في حديث خير الخلائق,</subfield><subfield code="f">[1273ه، 1857م].</subfield></datafield><datafield tag="880" ind1="1" ind2="0"><subfield code="6">240-02/</subfield><subfield code="a">كنوز الحقائق في حديث خير الخلائق</subfield></datafield><datafield tag="880" ind1="0" ind2=" "><subfield code="6">100-01/</subfield><subfield code="a">عبد الرؤوف بن تاج العارفين المناوي.</subfield></datafield><datafield tag="CID" ind1=" " ind2=" "><subfield code="a">006834032</subfield></datafield><datafield tag="DAT" ind1="0" ind2=" "><subfield code="a">20190719102641.0</subfield><subfield code="b">20190719000000.0</subfield></datafield><datafield tag="DAT" ind1="1" ind2=" "><subfield code="a">20190719090653.0</subfield><subfield code="b">2019-07-19T16:12:30Z</subfield></datafield><datafield tag="DAT" ind1="2" ind2=" "><subfield code="a">2015-10-10T18:00:06Z</subfield></datafield><datafield tag="CAT" ind1=" " ind2=" "><subfield code="a">SDR-MIU</subfield><subfield code="d">EX LIBRIS - ALEPH</subfield><subfield code="l">prepare.pl-004-008</subfield></datafield><datafield tag="FMT" ind1=" " ind2=" "><subfield code="a">BK</subfield></datafield><datafield tag="HOL" ind1=" " ind2=" "><subfield code="0">sdr-miu006834032</subfield><subfield code="a">MiU</subfield><subfield code="b">SDR</subfield><subfield code="c">MIU</subfield><subfield code="p">mdp.39015079131895</subfield><subfield code="s">MIU</subfield><subfield code="1">006834032</subfield></datafield><datafield tag="974" ind1=" " ind2=" "><subfield code="b">MIU</subfield><subfield code="c">MIU</subfield><subfield code="d">20190719</subfield><subfield code="s">lit-dlps-dc</subfield><subfield code="u">mdp.39015079131895</subfield><subfield code="y">1857</subfield><subfield code="r">pd</subfield><subfield code="q">bib</subfield><subfield code="t">non-US bib date1 &lt; 1879</subfield></datafield></record></collection>